@article{sax,
	author = {Jessica Lin and Eamonn Keogh and Stefano Lonardi and Bill Chiu},
	title = {A Symbolic Representation of Time Series, with Implications for
	Streaming Algorithms},
	publisher = {Springer},
	journal = {Data Mining and Knowledge Discovery},
	year = 2003
}
@article{saxnovel,
	author = {Jessica Lin and Eamonn Keogh and Li Wei and Stefano Lonardi},
	title = {Experiencing SAX: a Novel Symbolic Representation of Time Series},
	publisher = {Springer},
	year = {2007},
}
@article {suffix,
	author = {P. Weiner},
	title = {Linear pattern matching algorithms},
	publisher = {IEEE},
	journal = {14th Annual IEEE Symposium on Switching and Automata Theory},
	year = 1973
	
}
@article {bbk-suffix,
	author = {Martyn Harris and Mark Levene and Dell Zhang and Dan Levene},
	title = {The Anatomy of a Search and Mining System for Digital Archives},
	year = 2016,
}
@article{ukkonens,
	author = {E. Ukkone},
	title = {On-Line Construction of Suffix Trees},
	publisher = {Springer},
	journal = {Algorithmica},
	year = 1995
}
@article{timeseriessuffix,
	author = {Daniel Yoshinobu Takada Chino and Felipe Alves da Louza and Agma Juci Machado Traina and Cristina Dutra de Aguiar Ciferri and Caetano Traina Júnior},
	title= {Time Series Indexing Taking Advantage of the Generalized Suffix Tree},
	year = 2011,
	publisher = {Brazilian Computer Society Special Interest Group on Databases},
}

@article{eritrea1,
	title = {First recorded eruption of Nabro volcano, Eritrea},
	author = {Berhe Goitom and Clive Oppenheimer and James O. S. Hammond and Raphaël Grandin and Talfan Barnie and Amy Donovan and Ghebrebrhan Ogubazghi and Ermias Yohannes and Goitom Kibrom and J- Michael Kendall and Simon A. Carn and David Fee and Christine Sealing and Derek Keir and Atalay Ayele and Jon Blundy and Joanna Hamlyn and Tim Wright and Seife Berhe},
	journal = {Bulletin of Volcanology},
	publisher = {Springer},
	year = 2015,
}

@article{eritrea2,
	author = {Joanna E. Hamlyn and Derek Keir and Tim J. Wright and Jürgen W. Neuberg and Berhe Goitom and James O. S. Hammond and Carolina Pagli and Clive Oppenheimer and J-Michael Kendall and Raphaël Grandin},
	title = {Seismicity and subsidence following the 2011 Nabro eruption, Eritrea: Insights into the plumbing system of an off-rift volcano},
	journal = {Journal of Geophysical Research: SolidEarth},
	publisher = {AGU},
	year = 2014
}

@article{obspy,
	author = {M. Beyreuther and R. Barsch and L. Krischer and T. Megies and Y. Behr and J. Wassermann},
	year = 2010,
	title = {ObsPy: A Python Toolbox for Seismology},
	doi = {10.1785/gssrl.81.3.530},
	url = {http://dx.doi.org/10.1785/gssrl.81.3.530}
}

@article{restplus,
	author = {Axel Haustant},
	title = {{Flask-RESTPlus} Fully featured framework for fast, easy and documented API development with Flask},
	year = 2016,
	url = {https://flask-restplus.readthedocs.io/en/stable/},
	urldate = {2016-11-30}
}

@article{man-seis-obs,
	author = {Peter Bormann},
	title = {New Manual of Seismological Observatory Practice},
	year = 2012,
	doi = {10.2312/GFZ.NMSOP-2},
	publisher = {GFZ German Research Centre for Geosciences, Potsdam}
}

@article{bandpass,
	author = {Stephen Butterworth},
	title =  {On the Theory of Filter Amplifiers},
	year = 1930,
	journal = {Experimental Wireless and the Wireless Engineer},
	volume = 7
}

@MISC{faultangle,
	author = {Edward J. Garnero},
	title = {"Seismology 101" images},
	year = {2017},
	note = {[Online; accessed August, 2017]},
	url = {http://garnero.asu.edu/research_images/images_seis101.html}
}
